% Organized alphabetically by who-what-when.
@Article{adve-gharachorloo-shmem-96,
  author =       "S. V. Adve and K. Gharachorloo",
  title =        "Shared Memory Consistency Models: {A} Tutorial",
  journal =      "IEEE Computer",
  month =        dec,
  volume =       "29",
  number =       "12",
  pages =        "66--76",
  url =          "http://www-ece.rice.edu/~sarita/Publications/models\_tutorial.ps",
  xx =           "yes",
  year =         "1996",
}

@Book{agha86,
  author =	 "G. Agha",
  title =	 {{Actors: A Model of Concurrent Computation in
                  Distributed Systems}},
  publisher =	 "MIT Press",
  year =	 "1986"
}

@InCollection{agha-coordination-2001,
  author =	 {G. Agha and N. Jamali and C. Varela},
  editor =       {A. Ominici and F. Zambonelli and M. Klusch and R. Tolksdorf},
  booktitle = 	 {Coordination of Internet Agents},
  title = 	 {{Agent Naming and Coordination:  Actor Based Models and 
                   Infrastructures}},
  publisher = 	 {Springer-Verlag},
  chapter =      9,
  year = 	 2001,
  pages =        "225-248"
}


@INPROCEEDINGS{agha-dcca-93,
  AUTHOR =	 {G. Agha and S. Fr\o{}lund and R. Panwar and
                  D. Sturman},
  TITLE =	 {A Linguistic Framework for Dynamic Composition of
                  Dependability Protocols},
  BOOKTITLE =	 {Dependable Computing for Critical Applications III},
  YEAR =	 {1993},
  pages =	 "345--363",
  ORGANIZATION = {International Federation of Information Processing
                  Societies (IFIP)},
  PUBLISHER =	 {Elsevier Science Publisher}
}

@InProceedings{agha-hcw-98,
  author =	 "G. Agha and M. Astley and J. Sheikh and C. Varela",
  title =	 {{Modular Heterogeneous System Development: A Critical
                  Analysis of Java}},
  editor =	 "J. Antonio",
  pages =	 "144-155",
  booktitle =	 "Proceedings of the Seventh Heterogeneous Computing
                  Workshop (HCW '98)",
  year =	 1998,
  publisher =	 "IEEE Computer Society",
  month =	 "March",
  note =	 "http://osl.cs.uiuc.edu/Papers/HCW98.ps"
}

@article{agha-ieee-93,
  author =	 {G. Agha and S. Fr\o{}lund and W. Kim and R. Panwar
                  and A. Patterson and D. Sturman},
  title =	 {Abstraction and Modularity Mechanisms for Concurrent
                  Computing},
  journal =	 {IEEE Parallel and Distributed Technology},
  year =	 {1993},
  month =	 May
}

@InCollection{agha-jamali-dai-99,
  author =	 {G. Agha and N. Jamali},
  editor =	 {G. Weiss},
  booktitle =	 {Multiagent Systems: A Modern Approach to DAI.},
  title =	 {Concurrent Programming for Distributed Artificial
                  Intelligence},
  publisher =	 {MIT Press},
  chapter =      12,
  year =	 1999
}

@article{agha-jfp-97,
  author =	 {Agha, G. and Mason, I. A. and Smith, S. F. and
                  Talcott, C. L.},
  title =	 {A Foundation for Actor Computation},
  journal =	 {Journal of Functional Programming},
  volume =	 7,
  year =	 1997,
  pages =	 "1--72"
}


@InCollection{agha-overview-97,
  author = 	 {G. Agha},
  title = 	 {{Abstracting Interaction Patterns: A Programming Paradigm for Open Distributed Systems}},
  booktitle = 	 {Formal Methods for Open Object-based Distributed Systems IFIP Transactions},
  publisher =	 {Chapman and Hall},
  year =	 1997,
  editor =	 {E. Najm and J.-B. Stefani}
}

@InProceedings{aldrich-sas-99,
  author =       "Jonathan Aldrich and Craig Chambers and Emin Gun Sirer
                 and Susan Eggers",
  title =        "Static Analyses for Eliminating Unnecessary
                 Synchronization from {J}ava Programs",
  editor =       "Agostino Cortesi and Gilberto Fil{\'e}",
  booktitle =    "Static Analysis",
  year =         "1999",
  volume =       "1694",
  series =       "Lecture Notes in Computer Science",
  publisher =    "Springer",
  pages =        "19--38",
  annote =       "incomplete",
}

@InProceedings{allen-garlan-wright-94,
  author =	 {R. Allen and D. Garlan},
  title =	 {Formalizing architectural connection},
  booktitle =	 {International Conference on Software Enginnering},
  pages =	 {71-80},
  year =	 1994,
  publisher =	 {IEEE Computer Society}
}

@InProceedings{astley-agha-dcl-98,
  author =	 "M. Astley and G. Agha",
  title =	 "Modular Construction and Composition of Distributed
                  Software Architectures",
  booktitle =	 "Proceedings of the International Symposium on
                  Software Engineering for Parallel and Distributed
                  Systems (PDSE '98)",
  year =	 1998
}

@InProceedings{astley-agha-dcl2-98,
  author =	 "M. Astley and G. A. Agha",
  title =	 "Customization and Composition of Distributed
                  Objects: Middleware Abstractions for Policy
                  Management",
  booktitle =	 "Sixth International Symposium on the Foundations of
                  Software Engineering (FSE-6, SIGSOFT '98)",
  year =	 1998,
  month =	 "November"
}

@Misc{astley-foundry-98,
  author =	 "{Open Systems Lab}",
  title =	 "{The Actor Foundry: A Java-based Actor Programming
                  Environment}",
  year =	 1998,
  note =	 "Work in Progress. http://osl.cs.uiuc.edu/foundry/"
}

@Article{bacon-guava-00,
  author =       "David F. Bacon and Robert E. Strom and Ashis
                 Tarafdar",
  title =        "{Guava}: a dialect of {Java} without data races",
  journal =      "ACM SIG{\-}PLAN Notices",
  volume =       "35",
  number =       "10",
  pages =        "382--400",
  month =        oct,
  year =         "2000",
  coden =        "SINODQ",
  ISSN =         "0362-1340",
  bibdate =      "Tue Nov 7 16:57:37 MST 2000",
  url =          "http://www.acm.org/pubs/citations/proceedings/oops/353171/p382-bacon/",
  acknowledgement = ack-nhfb,
}

@InProceedings{baldeschwieler-atlas-96,
  author = 	 {J. E. Baldeschwieler and R. D. Blumofe and E. A. Brewer},
  title = 	 {{ATLAS: An Infrastructure for Global Computing}},
  booktitle = 	 {Proceedings of the Seventh ACM SIGOPS European
                  Workshop on System Support for Worldwide Applications},
  year =	 1996
}

@InProceedings{baratloo-charlotte-96,
  author = 	 {A. Baratloo and M. Karaul and Z. Kedem and P. Wyckoff},
  title = 	 {{Charlotte: Metacomputing on the Web}},
  booktitle = 	 {Proceedings of the 9th Conference on Parallel and
                  Distributed Computing Systems},
  year =	 1996
}

@Misc{beberg-distributed-97,
  author =	 "A. Beberg",
  title =	 "distributed.net",
  note =	 "Work in Progress. http://www.distributed.net/"
}

@InProceedings{berkeley-millenium-98,
  author = 	 {Philip Buonadonna and Andrew Geweke and David E. Culler},
  title = 	 {An Implementation and Analysis of the Virtual Interface Architecture},
  booktitle = 	 {Proceedings of Supercomputing '98},
  year =	 1998,
  address =	 {Orlando, FL},
  month =	 {November}
}

@Article{berkeley-now-95,
  author = 	 {Thomas E. Anderson and David E. Culler and David A. Patterson},
  title =	 {{A Case for Networks of Workstations: NOW.}},
  journal = 	 {IEEE Micro},
  year = 	 1995,
  month =	 {February}
}

@InProceedings{berkeley-seti-97,
  author = 	 {W.T. Sullivan and D. Werthimer and S. Bowyer and J. Cobb 
                  and D. Gedye and D. Anderson},
  title = 	 {{A New Major SETI Project based on project SERENDIP data 
                   and 100,000 Personal Computers}},
  booktitle = 	 {Proceedings of the Fifth International Conference on 
                  Bioastronomy},
  editors =      {C.B. Cosmovici and S. Bowyer and D. Werthimer},
  year =	 1997,
  publisher =	 {Editrice Compositori, Bologna, Italy}
}

 (1997): ; in the book "Astronomical and Biochemical Origins and the Search for Life in the Universe", eds Cosmovici, Bowyer and Werthimer 

@MISC{berners-lee-connolly-93,
        AUTHOR = "T. Berners-Lee and D. Connolly",
        TITLE = "{The Hypertext Markup Language}",
        NOTE = "{World-Wide Web Consortium.  Work in Progress.  
                http://www.w3.org/hypertext/WWW/MarkUp/MarkUp.html}",
        YEAR = 1993
}

@MISC{berners-lee-http-92,
        AUTHOR = "T. Berners-Lee",
        TITLE = "{The Hypertext Transfer Protocol}",
        NOTE = "World-Wide Web Consortium.  Work in Progress.  
                http://www.w3.org/hypertext/WWW/Protocols/Overview.html",
        YEAR = 1992         
}

@Misc{berners-lee-uri-98,
  author =	 {T. Berners-Lee and R. Fielding and L. Masinter},
  title =	 "{Uniform Resource Identifiers (URI): Generic Syntax}",
  howpublished = {IETF Internet Draft Standard RFC 2396},
  month =	 {August},
  year =	 1998,
  note =	 {http://www.ietf.org/rfc/rfc2396.txt}
}
	
@ARTICLE{berners-lee-wwc-97,
  AUTHOR =	 "T. Berners-Lee",
  TITLE =	 "{World-Wide Computer}",
  JOURNAL =	 "Communications of the ACM.",
  VOLUME =	 "40",
  NUMBER =	 "2",
  MONTH =	 "Feb",
  YEAR =	 "1997",
}

@ARTICLE{berners-lee-www-94,
  AUTHOR =	 "T. Berners-Lee and R. Cailliau and A. Luotenen and
                  H. F. Nielsen and A. Secret",
  TITLE =	 "{The World-Wide Web}",
  JOURNAL =	 "Communications of the ACM.",
  VOLUME =	 "37",
  NUMBER =	 "8",
  MONTH =	 "Aug",
  YEAR =	 "1994",
}

@InProceedings{bogda-holzle-oopsla-99,
  title =        "Removing Unnecessary Synchronization in {J}ava",
  author =       "Jeff Bogda and Urs H{\"o}lzle",
  pages =        "35--46",
  booktitle =    "{OOPSLA'99} {ACM} Conference on Object-Oriented
                 Systems, Languages and Applications",
  address =      "Denver, CO",
  publisher =    "ACM Press",
  series =       "ACM SIGPLAN Notices",
  volume =       "34(10)",
  month =        oct,
  year =         "1999",
  comment =      "By analysing which objects escape threads, we can
                 avoid synchronisations.",
}

@Article{bosak-xml-97,
  author = 	 {J. Bosak},
  title = 	 {{XML, Java, and the Future of the Web}},
  journal = 	 {World Wide Web Journal},
  year = 	 1997,
  volume =	 {XML Principles, Tools and Techniques},
  month =	 {Oct.},
  note =	 {See http://www.w3.org/XML/ for more information.}
}

@INPROCEEDINGS{bracha-gj-98,
  AUTHOR =	 "G. Bracha and M. Odersky and D. Stoutamire and
                  P. Wadler",
  TITLE =	 {Making the future safe for the past: Adding
                  genericity to the Java Programming Language},
  BOOKTITLE =	 "ACM SIGPLAN Conference on Object-Oriented
                  Programming Systems, Languages and Applications",
  PAGES =	 {},
  YEAR =	 {1998},
  NOTE =	 {to appear}
}

@InProceedings{brecht-paraweb-96,
  author = 	 {T. Brecht and H. Sandhu and M. Shan and J. Talbot},
  title = 	 {{ParaWeb:  Towards World-Wide Supercomputing}},
  booktitle = 	 {Proceedings of the Seventh ACM SIGOPS European
                  Workshop on System Support for Worldwide Applications},
  year =	 1996
}

@InProceedings{briot-actalk-89,
  author = 	 {J.-P. Briot},
  title = 	 {{Actalk: a testbed for classifying and designing actor languages in the Smalltalk-80 environment}},
  booktitle = 	 {Proceedings of the European Conference on Object Oriented Programming (ECOOP'89)},
  pages =	 {109--129},
  year =	 1989,
  publisher =	 {Cambridge University Press}
}

@Article{callsen-agha-actorspace-94,
  author =	 "C. Callsen and G. Agha",
  title =	 {{Open Heterogeneous Computing in ActorSpace}},
  journal =	 "Journal of Parallel and Distributed Computing",
  year =	 "1994",
  pages =	 "289-300"
}

@InProceedings{camiel-popcorn-97,
  author = 	 {N. Camiel and S. London and N. Nisan and O. Regev},
  title = 	 {{The POPCORN Project: Distributed Computation over 
                  the Internet in Java}},
  booktitle = 	 {Proceedings of the 6th International World Wide Web 
                  Conference},
  year =	 1997,
  month =	 {April}
}

@InProceedings{campbell-qian-cherubim-98,
  author = 	 {R. Campbell and T. Qian},
  title = 	 {Dynamic Agent-based Security Architecture for Mobile 
Computers},
  booktitle = 	 {Proceedings of the Second International Conference on 
Parallel and Distributed Computing and Networks (PDCN'98)},
  year =	 1998,
  address =	 {Australia},
  month =	 {Dec.}
}

@InCollection{cardelli-ambients-98,
  author = 	 {L. Cardelli and A.D. Gordon},
  title = 	 {Mobile Ambients},
  booktitle = 	 {Foundations of System Specification and Computational Structures},
  pages =	 {140--155},
  publisher =	 {Springer Verlag},
  year =	 1998,
  series =	 {LNCS 1378}
}

@Article{cardelli-obliq-95,
  author =       "L. Cardelli",
  title =        "A Language with Distributed Scope",
  journal =      "Computing Systems",
  year =         "1995",
  volume =       "8",
  number =       "1",
  month =        jan,
  pages =        "27--59",
  abstract-url = "http://www.luca.demon.co.uk/Papers.html#Obliq",
  url =          "http://research.microsoft.com/Users/luca/Papers/Obliq.A4.pdf",
}

@Book{carriero-gelernter-linda-90,
  author =	 "N. Carriero and D. Gelernter",
  title =	 {How to Write Parallel Programs},
  publisher =	 "MIT Press",
  year =	 "1990"
}

@InCollection{chambers-cecil-92,
  key =          "Chambers",
  author =       "Craig Chambers",
  title =        "Object-Oriented Multi-Methods in {Cecil}",
  booktitle =    "ECOOP '92, European Conference on Object-Oriented
                 Programming, Utrecht, The Netherlands",
  publisher =    "Springer-Verlag",
  year =         "1992",
  editor =       "Ole Lehrmann Madsen",
  series =       "Lecture Notes in Computer Science",
  address =      "New York, NY",
  volume =       "615",
  pages =        "33--56",
  annote =       "40 references",
}

@INPROCEEDINGS{chandy-infospheres-96,
  AUTHOR =	 "K. M. Chandy and A. Rifkin and P. A. G. Sivilotti
                  and J. Mandelson and M. Richardson and W. Tanaka and
                  L. Weisman",
  TITLE =	 "{A World-Wide Distributed System Using Java and the
                  Internet}",
  BOOKTITLE =	 "Proceedings of the Fifth IEEE International
                  Symposium on High Performance Distributed Computing",
  ADDRESS =	 "New York, U.S.A.",
  MONTH =	 "Aug",
  YEAR =	 1996
}

@inproceedings{chiba-tatsubori-openjava-98,
  title =	 "A Yet Another java.lang.Class",
  author =	 "Shigeru Chiba and Michiaki Tatsubori",
  booktitle =	 "ECOOP'98 Workshop on Reflective Object-Oriented
                  Programming and Systems",
  year =	 "1998"
}

@PhDThesis{chien-ca-90,
  author =	 "A. Chien",
  title =	 {{Concurrent Aggregates: An Object-Oriented Language
                  for Fine-Grained Message-Passing Machines}},
  school =	 "MIT",
  year =	 1990,
  month =	 "July"
}

@Book{chien-ca-93,
  author =	 "A. Chien",
  title =	 {{Concurrent Aggregates: Supporting Modularity in
                  Massively Parallel Programs}},
  publisher =	 "MIT Press",
  year =	 1993,
}

@InProceedings{choi-escapea-oopsla-99,
  author =       "Jong-Deok Choi and M. Gupta and Mauricio Serrano and
                 Vugranam C. Sreedhar and Sam Midkiff",
  title =        "Escape Analysis for Java",
  pages =        "1--19",
  editor =       "Loren Meissner",
  booktitle =    "Proceeings of the 1999 {ACM} {SIGPLAN} Conference on
                 Object-Oriented Programming, Systems, Languages {\&}
                 Applications ({OOPSLA}`99)",
  month =        nov # "~1--5",
  series =       "ACM Sigplan Notices",
  volume =       "34.10",
  publisher =    "ACM Press",
  address =      "N. Y.",
  year =         "1999",
}

@ARTICLE{christiansen-javelin-97,
  AUTHOR =	 "B. Christiansen and P. Cappello and M. F. Ionescu
                  and M. O. Neary and K. E. Schauser and D. Wu",
  TITLE =	 {{Javelin: Internet-Based Parallel Computing Using
                  Java}},
  JOURNAL =	 {Concurrency: Practice and Experience},
  YEAR =	 1997,
  MONTH =	 {November},
  VOLUME =	 {9},
  NUMBER =	 {11},
  PAGES =	 {1139-1160},
  NOTE =	 {},
}

@Proceedings{ciancarini-hankin-coordination-96,
  title =	 "First International Conference on Coordination
                  Languages and Models (COORDINATION '96)",
  year =	 1996,
  editor =	 "P. Ciancarini and C. Hankin",
  number =	 1061,
  series =	 "LNCS",
  publisher =	 "Springer-Verlag",
  address =	 "Berlin"
}

@Proceedings{ciancarini-wolf-coordination-99,
  title = 	 {Third International Conference on Coordination
                  Languages and Models (COORDINATION '99)},
  year = 	 1999,
  month =        {April},
  editor =	 "P. Ciancarini and A. Wolf",
  number =	 1594,
  series =	 {LNCS},
  address =	 {Berlin},
  publisher =	 {Springer-Verlag}
}

@InProceedings{clifton-multijava-oopsla-00,
  key =          "Clifton, {\em et al.}",
  author =       "Curtis Clifton and Gary T. Leavens and Craig Chambers
                 and Todd Millstein",
  title =        "{MultiJava}: Modular Open Classes and Symmetric
                 Multiple Dispatch for {Java}",
  booktitle =    "OOPSLA 2000 Conference on Object-Oriented Programming,
                 Systems, Languages, and Applications, Minneapolis,
                 Minnesota",
  series =       "ACM SIGPLAN Notices",
  volume =       "35(10)",
  month =        oct,
  year =         "2000",
  pages =        "130--145",
  url =          "ftp://ftp.cs.iastate.edu/pub/techreports/TR00-06/TR.ps.gz",
  annote =       "32 references.",
}

@InBook{dally-jmachine-90,
  author =	 {W. Dally},
  title = 	 {The J-Machine: System Support for Actors},
  chapter = 	 16,
  publisher = 	 {MIT Press},
  year = 	 1990,
  address =	 {Cambridge, Mass.},
  pages =	 {369-408}
}
@InProceedings{delarosa-clei-97,
  author = 	 {R. delaRosa and M. Franky and P. Figueroa and C. Varela},
  title = 	 {Objetos M\'{o}viles en un Sistema Distribuido sobre el {WWW}},
  booktitle = 	 {XXIII Conferencia Latinoamericana de Inform\'{a}tica},
  pages =	 {567--578},
  year =	 1997,
  volume =	 {II},
  address =	 {Valparaiso, Chile},
  month =	 {November},
  note =	 {http://osl.cs.uiuc.edu/Papers/clei97.ps}
}

@book{fagin-knowledge-95,
  author =	 "R. Fagin and J. Halpern and Y. Moses and M. Vardi",
  title =	 {{Reasoning about Knowledge}},
  publisher =	 "MIT Press",
  year =	 "1995"
}



@InCollection{felleisen-friedman-redcontexts-86,
  author = 	 {M. Felleisen and D. Friedman},
  title = 	 {Control operators, the SECD-machine, and the 
                  $\lambda$-calculus},
  booktitle = 	 {Formal Description of Programming Concepts III},
  pages =	 {193--217},
  publisher =	 {North-Holland},
  year =	 1986,
  editor =	 {M. Wirsing}
}

@InProceedings{ferber-briot-dai-88,
  author =	 "J. Ferber and J. Briot",
  title =	 "Design of a Concurrent Language for Distributed\
                  Artificial Intelligence",
  booktitle =	 "Proceedings of the International Conference on Fifth
                  Generation Computer Systems",
  volume =	 "2",
  year =	 "1988",
  pages =	 "755--762",
  publisher =	 "Institute for New Generation Computer Technology"
}

@InProceedings{field-varela-transactors-2002,
  author = 	 {John Field and Carlos Varela},
  title = 	 {Toward a Programming Model for Building Reliable Systems with Distributed State},
  booktitle = 	 {Proceedings of the First International Workshop on Foundations of Coordination Languages and Software Architectures (FOCLASA).},
  year =	 2002,
  address =	 {Brno, Czech Republic},
  month =	 {August}
}

@InProceedings{flanagan-freund-pldi-00,
  author =       "Cormac Flanagan and Stephen N. Freund",
  title =        "Type-Based Race Detection for {J}ava",
  booktitle =    "Proceedings of the {ACM} {SIGPLAN} '00 Conference on
                 Programming Language Design and Implementation",
  address =      "Vancouver, British Columbia",
  month =        jun # " 18--21,",
  year =         "2000",
  pages =        "219--232",
}

@InProceedings{foster-kesselman-globus-98,
  author = 	 {I. Foster and C. Kesselman},
  title = 	 {{The Globus Project: A Status Report}},
  booktitle = 	 {Proceedings of the Seventh Heterogeneous Computing
                  Workshop (HCW '98)},
  pages =	 {4-18},
  year =	 1998,
  editor =	 {J. Antonio},
  month =	 {March},
  publisher =	 {IEEE Computer Society}
}

@incollection{frolund-agha-synchronizers-93,
  author =	 "S. Fr\o{}lund and G. Agha",
  title =	 "A Language Framework for Multi-Object Coordination",
  booktitle =	 "Proceedings of ECOOP 1993",
  publisher =	 "Springer Verlag",
  note =	 "LNCS 707",
  year =	 "1993"
}

@Book{frolund-synchronizers-96,
  author =	 "S. Fr{\o}lund",
  title =	 {{Coordinating Distributed Objects: An Actor-Based
                  Approach to Synchronization}},
  publisher =	 "MIT Press",
  year =	 "1996"
}

@InProceedings{fukuda-messengers-96,
  author =	 {M. Fukuda and L. F. Bic and M. B. Dillencourt and
                  F. Merchant},
  title =	 {{Intra- and Inter-Object Coordination with
                  MESSENGERS}},
  crossref =	 "ciancarini-hankin-coordination-96",
}

@Book{gamma-patterns-95,
  author =	 {E. Gamma and R. Helm and R. Johnson and J. Vlissides},
  title = 	 {Design Patterns:  Elements of Reusable Object-Oriented
Software},
  publisher = 	 {Addison-Wesley},
  year = 	 1995
}

@Proceedings{garlan-lemetayer-coordination-97,
  title =	 "Second International Conference on Coordination
                  Languages and Models (COORDINATION '97)",
  year =	 1997,
  editor =	 "D. Garlan and D. Le Metayer",
  number =	 1282,
  series =	 "LNCS",
  publisher =	 "Springer-Verlag",
  address =	 "Berlin"
}

@InProceedings{gontmakher-schuster-jmm-98,
  author =       "A. Gontmakher and A. Schuster",
  title =        "Characterizations for {Java} Memory Behavior",
  pages =        "682--686",
  ISBN =         "0-8186-8403-8",
  booktitle =    "Proceedings of the 1st Merged International Parallel
                 Processing Symposium and Symposium on Parallel and
                 Distributed Processing ({IPPS}/{SPDP}-98)",
  month =        mar # "~30--" # apr # "~3",
  publisher =    "IEEE Computer Society",
  address =      "Los Alamitos",
  year =         "1998",
}

@Book{gosling-java-96,
  author =	 "J. Gosling and B. Joy and G. Steele",
  title =	 {{The Java Language Specification}},
  publisher =	 "Addison Wesley",
  year =	 "1996"
}

@TechReport{gray-dagents-00,
  author = 	 {R. Gray and D. Kotz and G. Cybenko and D. Rus},
  title = 	 {Mobile agents:  Motivations and state-of-the-art systems},
  institution =  {Darmouth College},
  year = 	 2000,
  month =	 {April},
  note =	 {Available at ftp://ftp.cs.dartmouth.edu/TR/TR2000-365.ps.Z}
}

@article{halpern-moses-knowledge-90,
  author =	 "J. Y. Halpern and Y. Moses",
  title =	 {{Knowledge and common knowledge in a distributed
                  environment}},
  journal =	 "Journal of the ACM",
  volume =	 37,
  number =	 3,
  pages =	 "549-587",
  year =	 "1990",
  month =	 "July"
}

@Article{hewitt-actors-77,
  Title =	 "Viewing Control Structures as Patterns of Passing
                  Messages",
  Author =	 "Hewitt, C.",
  Key =		 "Hewitt",
  Journal =	 "Journal of Artificial Intelligence",
  Volume =	 "8-3",
  Year =	 "1977",
  Month =	 "June",
  Pages =	 "323-364"
}

@Misc{hydari-2knaming-99,
  author =	 "M. Hydari",
  title =	 {{Design of the 2K Naming Service}},
  year =	 "1999",
  month =	 "February",
  howpublished = "M.S. Thesis.  Department of Computer Science. University of Illinois at Urbana-Champaign.",
  note =	 ""
}

@Article{hoare-monitors-74,
  author =       "C. A. R. Hoare",
  title =        "Monitors: An Operating System Structuring Concept",
  journal =      "Communications of the ACM",
  volume =       "17",
  number =       "10",
  pages =        "549--557",
  month =        oct,
  year =         "1974",
  coden =        "CACMA2",
  ISSN =         "0001-0782",
  bibdate =      "Tue Mar 25 13:26:09 MST 1997",
  note =         "Erratum in {\em Communications of the ACM}, Vol. 18,
                 No. 2 (February), p. 95, 1975. This paper contains one
                 of the first solutions to the Dining Philosophers
                 problem.",
  abstract =     "This paper develops Brinch-Hansen's concept of a
                 monitor as a method of structuring an operating system.
                 It introduces a form of synchronization, describes a
                 possible method of implementation in terms of
                 semaphores and gives a suitable proof rule.
                 Illustrative examples include a single resource
                 scheduler, a bounded buffer, an alarm clock, a buffer
                 pool, a disk head optimizer, and a version of the
                 problem of readers and writers.",
  acknowledgement = ack-nhfb,
  annote =       "Monitors",
  checked =      "7 April 1989",
  classcodes =   "C6150J (Operating systems)",
  classification = "722; 723",
  corpsource =   "Queen's Univ. Belfast, UK",
  journalabr =   "Commun ACM",
  keywords =     "alarm clock; bounded buffer; buffer pool; CACM
                 synchronization communication semaphores; computer
                 operating systems; disc; exclusion; head optimizer;
                 monitors; multiprogramming; mutual; operating system
                 structuring concept; operating systems (computers);
                 proof rule; readers; scheduler; scheduling; semaphores;
                 single resource; structured multiprogramming;
                 structuring; synchronization; writers",
  treatment =    "A Application; P Practical",
}

@article{honsell-variable-95,
    author = "Furio Honsell and Ian A. Mason and Scott F. Smith and Carolyn L. Talcott",
    title = "A Variable Typed Logic of Effects",
    journal = "Information and Computation",
    volume = "119",
    number = "1",
    pages = "55-90",
    year = "1995",
    url = "citeseer.nj.nec.com/honsell93variable.html" }

@INPROCEEDINGS{houck-agha-hal-92,
  AUTHOR =	 "C. Houck and G. Agha",
  TITLE =	 {{HAL}: A High-level Actor Language and Its
                  Distributed Implementation},
  BOOKTITLE =	 {Proceedings of the 21st International Conference on
                  Parallel Processing (ICPP '92)},
  PAGES =	 {158-165},
  VOLUME =	 {II},
  YEAR =	 {1992},
  ADDRESS =	 {St. Charles, IL},
  MONTH =	 {August}
}

@InProceedings{jagannathan-cmps-97,
  author =	 "S. Jagannathan",
  title =	 "Communication-Passing Style for Coordinated
                  Languages",
  crossref =	 "garlan-lemetayer-coordination-97",
  pages =	 "131-149"
}

@InCollection{jagannathan-fcts-91,
  author =	 "S. Jagannathan",
  title =	 "Customization of First-Class Tuple Spaces in a
                  Higher-Order Language",
  booktitle =	 "PARLE '91, volume 2",
  publisher =	 "Springer-Verlag",
  year =	 1991,
  editor =	 "E.H.L. Arts and J. van Leeuwen and M. Rem",
  number =	 506,
  series =	 "LNCS"
}


@Misc{javasoft-javaspaces-98,
  author =	 "{Sun Microsystems Inc. -- JavaSoft}",
  title =	 "{JavaSpaces}",
  note =	 "Work in
                  progress. http://www.javasoft.com/products/javaspaces/",
  year =	 1998
}

@MISC{javasoft-jdk-95,
  AUTHOR =	 "{Sun Microsystems Inc. -- JavaSoft}",
  TITLE =	 "{Java Developers Kit (JDK) Documentation}",
  NOTE =	 "Work in
                  Progress. http://www.javasoft.com/products/jdk/",
  YEAR =	 1995,
}

@Misc{javasoft-rmi-96,
  author =	 "{Sun Microsystems Inc. -- JavaSoft}",
  title =	 "{Remote Method Invocation Specification}",
  note =	 "Work in
                  progress. http://www.javasoft.com/products/jdk/rmi/",
  year =	 1996
}

@Article{jul-emerald-88,
  author = 	 {Eric Jul and Henry M. Levy and Norman C. Hutchinson and Andrew P. Black},
  title = 	 {Fine-Grained Mobility in the {Emerald} System},
  journal = 	 {TOCS},
  year = 	 1988,
  volume =	 6,
  number =	 1,
  pages =	 {109--133}
}

@TechReport{kendall-note-94,
  author =	 "Samuel C. Kendall and Jim Waldo and Ann Wollrath and Geoff Wyant",
  title =	 "A Note on Distributed Computing",
  institution =	 "Sun Microsystems",
  year =	 1994,
  month =	 "November",
}


@Book{kiczales-mop-91,
  author =	 "G. Kiczales and J. des Rivi\'{e}res and
                  D. G. Bobrow",
  title =	 "The Art of the Metaobject Protocol",
  publisher =	 "MIT Press",
  year =	 1991,
  address =	 "Cambridge, Massachusetts",
}

@InProceedings{kielmann-objectivelinda-96,
  author =	 "T. Kielmann",
  title =	 "Designing a Coordination Model for Open Systems",
  crossref =	 "ciancarini-hankin-coordination-96",
  pages =	 "267-284",
}

@InProceedings{kim-agha-supercomputing-95,
  author =	 "W. Kim and G. Agha",
  title =	 {{Efficient Support of Location Transparency in
                  Concurrent Object-Oriented Programming Languages}},
  booktitle =	 "Proceedings of Supercomputing'95",
  year =	 "1995",
}

@PhDThesis{kim-thal-97,
  author =	 "W. Kim",
  title =	 {{THAL: An Actor System for Efficient and Scalable
                  Concurrent Computing}},
  school =	 "University of Illinois at Urbana-Champaign",
  year =	 "1997",
  month =	 May,
  note =	 ""
}

@TechReport{kon-2k-99,
  author =	 "F. Kon and R. Campbell and M. Dennis Mickunas and K. Nahrstedt",
  title =	 {{2K:  A Distributed Operating System for Dynamic Heterogeneous Environments}},
  institution =	 "Department of Computer Science, University of Illinois at Urbana-Champaign",
  year =	 1999,
  month =	 "December",
}


@ARTICLE{kornfeld-hewitt-community-81,
  TITLE =	 "The Scientific Community Metaphor",
  AUTHOR =	 "Kornfeld, W. A. and Hewitt, C.",
  KEY =		 "Kornfeld and Hewitt",
  JOURNAL =	 "IEEE Transactions on Systems, Man, and Cybernetics",
  MONTH =	 "January",
  YEAR =	 "1981",
  VOLUME =	 "SMC-11",
  NUMBER =	 "1"
}

@Article{knuth-chess-75,
  author = 	 {D.E. Knuth and R.W. Moore},
  title = 	 {An analysis of alpha-beta pruning},
  journal = 	 {Artificial Intelligence},
  year = 	 1975,
  volume =	 6,
  number =	 4,
  pages =	 {293-326}
}

		  
@Book{lange-oshima-aglets-98,
  author =	 {D. Lange and M. Oshima},
  title = 	 {Programming and Deploying Mobile Agents with Aglets},
  publisher = 	 {Addison-Wesley},
  year = 	 "1998"
}

@Book{lea-concurrentjava-97,
  author =	 "D. Lea",
  title =	 "Concurrent Programming in Java: Design Principles
                  and Patterns",
  publisher =	 "Addison Wesley",
  year =	 1997
}

@inproceedings{levi-sangiorgi-safeambients-2000,
    author = "Francesca Levi and Davide Sangiorgi",
    title = "Controlling Interference in Ambients",
    booktitle = "Symposium on Principles of Programming Languages",
    pages = "352-364",
    year = 2000,
}

@Book{lindholm-yellin-jvm-97,
  author =	 "T. Lindholm and F. Yellin",
  title =	 "The Java Virtual Machine Specification",
  publisher =	 "Addison Wesley",
  year =	 1997
}

@Article{luckham-rapide-95,
  author =	 {D. C. Luckham and J. J. Kenney and L. M. Augustin
                  and J. Vera and D. Bryan and W. Mann},
  title =	 {{Specification and Analysis of System Architecture
                  using Rapide}},
  journal =	 {IEEE Transactions on Software Engineering},
  pages =	 {336-355},
  year =	 1995,
  volume =	 21,
  number =	 4,
  note =	 {Special Issue on Software Architecture}
}


@InProceedings{maessen-javacrf-oopsla-00,
  author = 	 {J.-W. Maessen and Arvind and X. Shen},
  title = 	 {{Improving the Java Memory Model Using CRF}},
  booktitle = 	 {Proceedings of OOPSLA},
  pages =	 {1--12},
  year =	 2000
}

@InProceedings{matsuoka-kawai-tuplespaces-88,
  author =	 "S. Matsuoka and S. Kawai",
  title =	 "Using Tuple Space Communication in Distributed
                  Object-Oriented Languages",
  pages =	 "276-284",
  booktitle =	 "ACM Conference Proceedings, Object Oriented
                  Programming Languages, Systems and Applications",
  year =	 1988,
  address =	 "San Diego, CA"
}

@InProceedings{matsuoka-reflection-91,
  author =	 "S. Matsuoka and T. Watanabe and A. Yonezawa",
  title =	 "Hybrid Group Reflective Architecture for
                  Object-Oriented Concurrent Reflective Programming",
  number =	 512,
  series =	 "LNCS",
  pages =	 "231-250",
  booktitle =	 "Proceedings of the European Conference on
                  Object-Oriented Programming",
  year =	 1991
}

@InProceedings{mit-cilk-94,
  author =	{R. D. Blumofe and C. E. Leiserson},
  title = 	{{Scheduling Multithreaded Computations by Work Stealing}},
  booktitle =   "Proceedings of the 35th Annual Symposium on Foundations 
                  of Computer Science (FOCS '94)", 
  month =       {November}, 
  year =        1994, 
  address =     {Santa Fe, New Mexico},
  pages =	"356-368"
}

@Misc{mockapetris-dns-87,
  author =	 {P. Mockapetris},
  title =	 "{Domain Names - Concepts and Facilities}",
  howpublished = {IETF Internet Draft Standard RFC 1034},
  month =	 {November},
  year =	 1987,
  note =	 {http://www.ietf.org/rfc/rfc1034.txt}
}

@InCollection{nahrstedt-steinmetz-qos-95,
  author =	 {K. Nahrstedt and R. Steinmetz},
  editor =	 {J. Cavanagh},
  booktitle = 	 {Handbook of Multimedia Networking},
  title = 	 {Resource Management in Multimedia Networked Systems},
  publisher = 	 {Auerbach Publications},
  year = 	 1995,
  chapter =	 {7.3},
  pages =	 {381-405}
}

@inproceedings{necula-97-proof-carrying-code,
  author =       {George C. Necula},
  title =        {Proof-Carrying Code},
  booktitle =    {Proceedings of the 24th ACM SIGPLAN-SIGACT Symposium on Principles of Programming Langauges (POPL '97)},
  month =        Jan,
  address =      {Paris},
  pages =        {106--119},
  year =         1997,
  url = "citeseer.nj.nec.com/50371.html" }

@ARTICLE{odersky-wadler-pizza-97,
  AUTHOR =	 "M. Odersky and P. Wadler",
  TITLE =	 {Pizza into Java: Translating theory into practice.},
  JOURNAL =	 "ACM Symposium on Principles of Programming
                  Languages",
  PAGES =	 {146-159},
  YEAR =	 {1997}
}

@TechReport{omg-corba-97,
  author =	 "{Object Management Group}",
  title =	 "{CORBA} services: Common Object Services
                  Specification version 2.",
  institution =	 "Object Management Group",
  year =	 1997,
  month =	 "June",
  note =	 "http://www.omg.org/corba/"
}

@Article{varela-agha-salsa-2001,
  author =       "Carlos Varela and Gul Agha",
  title =        "Programming Dynamically Reconfigurable Open Systems
                 with {SALSA}",
  journal =      "ACM SIG{\-}PLAN Notices.  OOPSLA'2001 Intriguing Technology Track Proceedings",
  volume =       "36",
  number =       "12",
  pages =        "20--34",
  month =        dec,
  year =         "2001",
  coden =        "SINODQ",
  ISSN =         "0362-1340",
  bibdate =      "Thu Jan 31 18:23:19 2002",
  acknowledgement = ack-nhfb,
  note =         "http://www.cs.rpi.edu/\~{ }cvarela/oopsla2001.pdf",
}

@Misc{osl-salsa-2000,
  author =	 "{Open Systems Lab}",
  title =	 "{{SALSA:  Simple Actor Language, System and Applications}}",
  year =	 2000,
  note =	 "Work in Progress. http://osl.cs.uiuc.edu/salsa/"
}

@Article{panwar-agha-pds-94,
  author =	 "R. Panwar and G. Agha",
  title =	 "A Methodology for Programming Scalable
                  Architectures",
  journal =	 "Journal of Parallel and Distributed Computing",
  year =	 "1994",
  volume =	 "22",
  number =	 "3",
  pages =	 "479-487",
  month =	 "September",
}

@Article{plotkin-reduction-75,
  author = 	 {G. Plotkin},
  title = 	 {Call-by-name, call-by-value and the lambda calculus},
  journal = 	 {Theoretical Computer Science},
  year = 	 1975,
  volume =	 1,
  pages =	 {125--159}
}

@InProceedings{pugh-jmm-99,
  author = 	 {W. Pugh},
  title = 	 {{Fixing the Java Memory Model}},
  booktitle = 	 {Proceedings of ACM Java Grande Conference},
  pages =	 {89-98},
  year =	 1999,
  month =	 {June},
  note =         {See also JMM mailing list at http://www.cs.umd.edu/~pugh/java/memoryModel/}
}

@Article{ren-rtsynchronizers-96,
  author =	 "S. Ren and G. A. Agha and M. Saito",
  title =	 "A Modular Approach for Programming Distributed
                  Real-Time Systems",
  journal =	 "Journal of Parallel and Distributed Computing",
  year =	 1996,
  volume =	 36,
  pages =	 {4--12}
}

@InProceedings{ruf-pldi-00,
  author = 	 {Erik Ruf},
  title = 	 {{Effective Synchronization Removal for Java}},
  booktitle = 	 {Proceedings of the Conference on Programming Language Design and Implementation (PLDI)},
  pages =	 {208--218},
  year =	 2000
}

@article{sander98protecting,
    author = "Tomas Sander and Christian F. Tschudin",
    title = "Protecting Mobile Agents Against Malicious Hosts",
    journal = "Lecture Notes in Computer Science",
    volume = "1419",
    pages = "44--??",
    year = "1998",
    url = "citeseer.nj.nec.com/sander98protecting.html" }

@inproceedings{sekiguchi-yonezawa-lambdadist-97,
author = {Sekiguchi, T. and Yonezawa, A.},
title = {A Calculus with Code Mobility},
booktitle = {
 Formal Methods for Open Object-based Distributed Systems, Volume 2}, 
editor = {Bowman, H. and Derrick, J.},
year = 1997,
publisher = {Chapman \& Hall},
pages = {21--36}
}

@InBook{simon-artificial-96,
  author =	 {H. A. Simon},
  title =	 {The Sciences of the Artificial},
  chapter =	 {The Architecture of Complexity: Hierarchic Systems},
  publisher =	 {MIT Press},
  year =	 1996,
  edition =	 {3rd}
}

@Book{stevens-tcp-94,
  author =	 {W.R. Stevens},
  title = 	 {TCP/IP Illustrated, Volume 1: The Protocols.},
  publisher = 	 {Addison-Wesley},
  year = 	 1994,
  address =	 {MA}
}

@InProceedings{stoica-chord-2001,
  author = 	 {Ion Stoica and Robert Morris and David Karger and M. Frans Kaashoek and Hari Balakrishnan},
  title = 	 {{Chord: A Scalable Peer-to-peer Lookup Service for Internet Applications}},
  booktitle = 	 {ACM SIGCOMM},
  pages =	 {149--160},
  year =	 2001,
  address =	 {San Diego, CA},
  month =	 {August}
}

@inproceedings{sturman-agha-dil-94,
  author =	 {D. C. Sturman and G. Agha},
  title =	 {A Protocol Description Language for Customizing
                  Failure Semantics},
  booktitle =	 {Proceedings of the 13th Symposium on Reliable
                  Distributed Systems},
  year =	 {1994},
  publisher =	 {IEEE Computer Society Press},
  month =	 {October}
}

@PhDThesis{sturman-broadway-96,
  author =	 "D. Sturman",
  title =	 {{Modular Specification of Interaction Policies in
                  Distributed Computing}},
  school =	 "University of Illinois at Urbana-Champaign",
  year =	 "1996",
  month =	 May,
  note =	 "TR UIUCDCS-R-96-1950"
}

@article{talcott-hosc-98,
author={Talcott, C. L.},
year={1998},
title={Composable Semantic Models for Actor Theories},
journal = {Higher-Order and Symbolic Computation},
volume = 11,
number = 3,
publisher = {Kluwer},
}

@InProceedings{talcott-interaction-96,
  author =       "C. Talcott",
  title =        "Interaction Semantics for Components of Distributed Systems",
  booktitle =    "First IFIP workshop on Formal Methods for Open
  Object-based Distributed Systems (FMOODS '96)",
  year =         1996,
  address =      "Paris, France",
  month =        "March"
}

@Article{tomlinson-carnot-93,
  author =	 {C. Tomlinson and P. Cannata and G. Meredith and
                  D. Woelk},
  title =	 {{The extensible services switch in Carnot}},
  journal =	 {IEEE Parallel and Distributed Technology},
  year =	 1993,
  volume =	 1,
  number =	 2,
  pages =	 {16-20},
  month =	 {May}
}

@Article{tomlinson-rosette-89,
  author =	 "C. Tomlinson and Kim, W. and Schevel, M. and Singh,
                  V. and Will, B. and G. Agha",
  title =	 "Rosette: An Object Oriented Concurrent System
                  Architecture",
  journal =	 "Sigplan Notices",
  year =	 "1989",
  volume =	 "24",
  number =	 "4",
  pages =	 "91--93"
}

@InProceedings{vahdat-webos-98,
author = {Amin Vahdat and Thomas
  Anderson and Michael Dahlin and David Culler and Eshwar Belani and
  Paul Eastham and Chad Yoshikawa},
title = "{WebOS: Operating System Services For Wide Area Applications}", 
booktitle = {Proceedings of the Seventh IEEE Symposium on High Performance Distributed Computing}, 
year = 1998, month = {July} 
}

@InProceedings{varela-agha-coordination-99,
  author =       {C. Varela and G. Agha},
  title =        {{A Hierarchical Model for Coordination of Concurrent
Activities}},
  booktitle =    {Third International Conference on Coordination
                  Languages and Models (COORDINATION '99)},
  year =         1999,
  month =        {April},
  editor =       "P. Ciancarini and A. Wolf",
  series =       {LNCS 1594},
  address =      {Berlin},
  publisher =    {Springer-Verlag},
  pages =        {166--182},
  note =         {http://osl.cs.uiuc.edu/Papers/Coordination99.ps}
}

@article{varela-agha-www7-98,
  author =	 "C. Varela and G. Agha",
  title =	 {{What after Java? From Objects to Actors}},
  booktitle =	 "Proceedings of the Seventh International Conference
                  on The World Wide Web (WWW7)",
  journal =	 "Computer Networks and ISDN Systems: The
                  International J. of Computer Telecommunications and
                  Networking",
  volume =	 "30",
  month =	 "April",
  year =	 "1998",
  pages =	 "573-577",
  note =	 "http://osl.cs.uiuc.edu/Papers/www7/",
}

@Misc{varela-agha-salsa-99,
  author =	 {C. Varela and G. Agha},
  title =	 {{Linguistic Support for Actors, First-Class Token-Passing Continuations and Join Continuations}},
  howpublished = {Proceedings of the Midwest Society for Programming Languages and Systems Workshop},
  month =	 {October},
  year =	 1999,
  note =	 {http://osl.cs.uiuc.edu/\~{ }cvarela/mspls99/}
}

@Misc{varela-oopsla-98,
  author =	 {C. Varela},
  title =	 {{An Actor-Based Approach to World-Wide Computing}},
  howpublished = {Object-Oriented Programming, Systems, Languages and 
Applications (OOPSLA 98), Doctoral Symposium},
  month =	 {October},
  year =	 1998,
  note =	 {http://osl.cs.uiuc.edu/\~{ }cvarela/oopsla98/}
}

@PhdThesis{varela-phd-2001,
  author = 	 {C. Varela},
  title = 	 {{Worldwide Computing with Universal Actors:  Linguistic Abstractions for Naming, Migration, and Coordination}},
  school = 	 {U. of Illinois at Urbana-Champaign},
  year = 	 2001,
  month =        {April}}

@Unpublished{varela-wwc-2000,
  author = 	 {Carlos Varela and Gr\'{e}gory Ha\"{\i}k and Gul Agha},
  title = 	 {{Actor Naming, Communication and Migration in World Wide Computing}},
  note = 	 {Submitted for Publication},
  year =	 2000
}

@InCollection{venkatasubramanian-middleware-2001,
  author = 	 {Nalini Venkatasubramanian and Carolyn Talcott and Gul A. Agha },
  title = 	 {A Formal Model for Reasoning about Adaptive QoS-Enabled Middleware},
  booktitle = 	 {Formal Methods Europe (FME 2001)},
  publisher =	 {Humboldt-Universit?},
  year =	 2001,
  address =	 {Berlin, Germany},
  month =	 {March}
}

@inproceedings{vitek-castagna-seal-98,
    author = "Jan Vitek and Giuseppe Castagna",
    title = "Seal: A Framework for Secure Mobile Computations",
    booktitle = "{ICCL} Workshop: Internet Programming Languages",
    pages = "47-77",
    year = 1998,
}

@Misc{w3c-xml-98,
  author =	 {T. Bray and J. Paoli and C. M. Sperberg-McQueen},
  title =	 {{Extensible Markup Language (XML) 1.0}},
  howpublished = {http://www.w3.org/TR/REC-xml},
  month =	 {February},
  year =	 1998,
  note =	 {W3C Recommendation. Work in Progress.}
}

@Misc{waldo-jini-98,
  author =	 "J. Waldo",
  title =	 "{JINI Architecture Overview}",
  note =	 "Work in
                  progress. http://www.javasoft.com/products/jini/",
  year =	 1998
}

@inproceedings{wallachunderstanding,
    author = "Dan S. Wallach and Edward W. Felten",
    title = "Understanding {Java} Stack Inspection",
    booktitle = "19th IEEE Symposium on Security and Privacy",
    pages = "52--63",
    year = 1998,
    url = "citeseer.nj.nec.com/wallach98understanding.html" }

@InCollection{watanabe-yonezawa-reflection-90,
  author =	 "T. Watanabe and A. Yonezawa",
  title =	 "An Actor-Based Meta-level Architecture for
                  Group-Wide Reflection",
  booktitle =	 "Foundations of Object-Oriented Languages",
  publisher =	 "Springer-Verlag",
  year =	 1990,
  editor =	 "J. W. deBakker and W.P. deRoever and G. Rozenberg",
  number =	 489,
  series =	 "LNCS",
  pages =	 "405-425"
}

@InProceedings{wegner-coordination-96,
  author =	 "P. Wegner",
  title =	 "Coordination as constrained interaction",
  crossref =	 "ciancarini-hankin-coordination-96",
  pages =	 "28-33"
}

@Book{yonezawa-abcl-90,
  title =	 "ABCL An Object-Oriented Concurrent System",
  publisher =	 "MIT Press",
  year =	 "1990",
  editor =	 "A. Yonezawa",
  address =	 "Cambridge, Mass."
}

@article{shivaratri-kreuger-ginghal-ldflds-92,
  author =	 "N. G. Shivratri and P. Kreuger and M. Ginghal",
  title =	 "Load Distributing for Locally Distributed Systems",
  journal =	 "IEEE Computer",
  volume =	 "25",
  month =	 "December",
  year =	 "92",
  pages =	 "33-34"
}

@Article{nieuwpoort-kielmann-bal-divide-2001,
  author =       "Rob V. van Nieuwpoort and Thilo Kielmann and Henri E. Bal",
  title =        "Efficient Load Balancing for Wide-Area Divide-and-Conquer Applications",
  journal =      "ACM",
  volume =       "36",
  issue = 	 "7",
  pages =        "34-43",
  year =         "2001",
  ISBN =         "1-58113-346-4"
}

@Misc{project-jxta-virtual-network,
  author =	 "Bernard Traversat and Mohamed Abdelaziz and Mike Duigou and Jean-Christophe Hugly and Eric Pouyoul and Bill Yeager",
  title  =       "Project JXTA Virtual Network",
  publsher =     "Sun Microsystems, Inc.",
  year =	 "2002",
  month =        "February",
  day =          "5"
}

@Misc{gnutella-protocol,
  title =	 "The gnutella protocol specification v0.4",
  year  =        "2000",
  author =       "Clip2.com",
  url = 	 "http://www9.limewire.com/developer/gnutella_protocol_0.4.pdf"
}

